@article{Frac_Cal_WolframeAlpha,
title = {Fractional Calculus},
author = {Weisstein, Eric W},
journal = {MathWorld--A Wolfram Web Resource. https://mathworld.wolfram.com/FractionalCalculus.html},
}

@article{LEI,
title = {Leonhard Euler's Integral: A Historical Profile of the Gamma Function: In Memoriam: Milton
Abramowitz},
author = {Philip J. Davis},
doi = {10.2307/2309786},
journal = {The American Mathematical Monthly},
place = {United States},
year = {1959},
month = {10}
}

@article{FDE&applications,
title = {Fractional Differential Equations and Their Applications : 
Zlomkové diferenciální rovnice a jejich aplikace},
author = {Tomáš Kisela},
year = {2008}
}
@article{FDEs_intro,
title = {An Introduction to Fractorilal Derivatives,
Fractional Differential Equations,
to Methods of their Solution
and some of their Applications},
author = {Igor Podlubny},
journal = {Academic Press},
place = {Slovak Republic},
year = {1998},
}

@article{FC_ross,
  title = {A Brief History and Exposition of the Fundamental theory of Fractional Calculus},
  author = {Ross Bertram},
  journal = {Proceedings of the International Conference},
  place = {University of New Haven},
  year = {1974},
  month = {6}
}
@article{HPM_original,
title = {Homotopy perturbation technique},
author = {Ji-Huan He},
doi = {10.1016/S0045-7825(99)00018-3},
journal = {Computer methods in applied mechanincs and engineering},
place = {Slovak Republic},
year = {1999},
}

@article{Advanced_Numerical,
title = {Advanced Numerical and Semi-Analytical Methods for Differential Equations},
author = {Snehashish Chakraverty and Nisha Rani Mahato and Perumandla Karunakar and Tharasi Dilleswar Rao},
doi = {10.1002/9781119423461},
journal = {Wiley},
year = {2019},
}

@article{Mittag-Leffler,
title = {Mittag-Leffler functions and their applications},
author = {H.J. HAUBOLD, A.M. MATHAI and R.K. SAXENA},
doi = {10.48550/arXiv.0909.0230},
journal = {Journal of Applied Mathematics},
place = {India},
year = {2009},
}
@article{plot:wiki_beta,
title = {Beta Function Plot},
journal = {https://commons.wikimedia.org/wiki/File:BetaFuncDemo.svg},
}

@article{plot:wiki_gamma,
title = {Scipy Gamma Function Documentation},
journal = {https://docs.scipy.org/doc/scipy/ reference/generated/scipy.special.gamma.html},
}

@article{plot:mittag-leffler,
title = {Mittag-Leffler Function, Wolfram mathworld},
journal = {https://mathworld.wolfram.com/ Mittag-LefflerFunction.html},
}
@article{Numerical_sol,
title = {Numerical Solution of Fractional Differential Equations},
author = {Adnan Daraghmeh, Naji Qatanani and Aya Saadeh},
doi = {10.4236/am.2020.1111074.},
journal = {Scientific Research Publishing},
year = {2020},
}